@article{paxos,
    author = "Leslie Lamport",
    title = {{The Part-Time Parliament}},
    year = 1998,
    month = may,
    journal = {{ACM Transactions on Computer Systems}},
    volume = 16,
    number = 2,
    pages = "133--169",
    url = {https://research.microsoft.com/en-us/um/people/lamport/pubs/lamport-paxos.pdf}
}

@misc{simple-paxos,
    author = "Leslie Lamport",
    title = {{Paxos Made Simple}},
    year = 2001,
    month = nov,
    url = {https://research.microsoft.com/en-us/um/people/lamport/pubs/paxos-simple.pdf}
}

@conference{cheap-paxos,
    author = "Leslie Lamport and Mike Massa",
    title = {{Cheap Paxos}},
    booktitle = {{The International Conference on Dependable Systems and Networks}},
    year = 2004,
    url = {https://research.microsoft.com/en-us/um/people/lamport/pubs/web-dsn-submission.pdf}
}

@techreport{fast-paxos,
    author = "Leslie Lamport",
    title = {{Fast Paxos}},
    institution = "Microsoft",
    year = 2005,
    month = jul,
    number = "MSR-TR-2005-112",
    url = {https://research.microsoft.com/pubs/64624/tr-2005-112.pdf}
}

@techreport{generalized-paxos,
    author = "Leslie Lamport",
    title = {{Generalized Consensus and Paxos}},
    institution = "Microsoft",
    year = 2004,
    month = mar,
    number = "MSR-TR-2005-33",
    url = {https://research.microsoft.com/pubs/64631/tr-2005-33.pdf}
}
